@inproceedings{Hadwiger2003,
    author = {Markus Hadwiger and Christoph Berger and Helwig Hauser},
    title = {High-quality two-level volume rendering of segmented data sets on consumer graphics hardware},
	booktitle = {Proceedings of the conference on Visualization 2003}, 
    year = {2003},
    pages = {301--308}
}

@article{kaufman2000real,
  title={Real-time volume rendering},
  author={Kaufman, A and Dachille, F and Chen, B and Bitter, I and Kreeger, K and Zhang, N and Tang, Q and Hua, H},
  journal={International Journal of Imaging Systems and Technology},
  volume={11},
  number={1},
  pages={44--52},
  year={2000}
}

@book{VisHandbook,
    author = {Hansen, Charles D. and Johnson, Chris R.},
    edition = {1},
    isbn = {012387582X},
    priority = {2},
    publisher = {Academic Press},
    title = {Visualization Handbook},
    year = {2004}
}

@book{udupa2000three,
  title={Three D Imaging in Medicine},
  author={Udupa, J.K. and Herman, G.T.},
  isbn={9780849331794},
  lccn={99048308},
  url={http://books.google.se/books?id=aR6PHYluq4oC},
  year={2000},
  publisher={CRC PressINC}
}
